@article{test,
   author 	= 	{室山 真徳 and 石原 亨 and 兵頭 章彦 and 安浦 寛人},
   title 	= 	{入力信号パターンを考慮した低電力算術演算回路の設計手法},
   journal 	= 	{情報処理学会論文誌},
   pages 	= 	{1007--1015},
   volume 	= 	{42},
   number 	= 	{4},
   year 	= 	{2001},
   month 	= 	{apr},
   author_e 	= 	{Masanori Muroyama and Tohru Ishihara and Akihiko Hyodo and Hiroto Yasuura},
   title_e 	= 	{A Design Method for Low Power Arithmetic Circuits Considering Input Patterns},
   journal_e 	= 	{IPSJ Journal}
}
